@article{marz2015,
  Author = {Nathan Marz and James Warren},
  Title = {Big Data - Principles and Best Practices of Scalable Real-time Data Systems},
  Year = {2015}
}

@article{delesposte2017,
  Author = {Arthur de M. Del Esposte and Fabio Kon and Fabio M. Costa and Nelson Lago},
  Title = {InterSCity: A Scalable Microservice-based Open Source Platform for Smart Cities},
  Year = {2017}
}

@article{armstrong2003,
  Author = {Joe Armstrong},
  Title = {Making reliable distributed systems in the presenceof software errros},
  Year = {2003}
}

@techreport{amqp2008,
  Type = {Protocol},
  Shorthand = {AMQP v0-9-1},
  Title = {Advanced Message Queuing Protocol (AMQP v0-9-1)},
  Version = {0-9-1},
  Year = 2008,
  Author = {John O'Hara},
  Url = {https://www.rabbitmq.com/resources/specs/amqp0-9-1.pdf}
}

@article{batty2012smart,
  title={Smart cities of the future},
  author={Batty, Michael and Axhausen, Kay W and Giannotti, Fosca and Pozdnoukhov, Alexei and Bazzani, Armando and Wachowicz, Monica and Ouzounis, Georgios and Portugali, Yuval},
  journal={The European Physical Journal Special Topics},
  volume={214},
  number={1},
  pages={481--518},
  year={2012},
  publisher={Springer-Verlag}
}

@article {santana2016software,
  title={Software platforms for smart cities: Concepts, requirements, challenges, and a unified reference architecture},
  author={Santana, Eduardo Felipe Zambom and Chaves, Ana Paula and Gerosa, Marco Aurelio and Kon, Fabio and Milojicic, Dejan},
  journal={arXiv preprint arXiv:1609.08089},
  year={2016}
}

/*  TODO: referencia ta certa? */
@article {kon2016,
  title = {Cidades Inteligentes: Conceitos, plataformas e desafios},
  author = {Kon, Fabio and Satana, Eduardo Felipe Zambom},
  journal = {Jornadas de Atualizaçãoem Informática 2016}
}
